<?xml version="1.0" encoding="UTF-8"?><collection xmlns="http://www.loc.gov/MARC21/slim"><record><leader>00357nam--2200133-i-4500</leader><controlfield tag="001">000025136</controlfield><controlfield tag="002">20161230</controlfield><controlfield tag="005">20161230201035</controlfield><controlfield tag="008">060222s1000------------r-----000-0-eng-d</controlfield><datafield ind1=" " ind2=" " tag="080"><subfield code="a">537.7/8(042)</subfield></datafield><datafield ind1=" " ind2=" " tag="100"><subfield code="a">Castle, Raymond</subfield></datafield><datafield ind1=" " ind2=" " tag="245"><subfield code="a">Lectures in heterocyclic chemistry</subfield></datafield><datafield ind1=" " ind2=" " tag="260"><subfield code="a">Utah, Journal Of Heterocyclic Chemistry Inc., 1972. 115 P</subfield></datafield><datafield ind1=" " ind2=" " tag="852"><subfield code="a">37821</subfield></datafield></record></collection>